@book{amigo_2019, title={Análisis de incertidumbres}, publisher={Facultade de Física}, author={Amigo, Alfredo}, year={2019}}
@book{tratamiento, place={Univerisdade de Santiago de Compostela}, title={Tratamiento de datos físicos}, publisher={USC}, author={Varela Cabo, Luis Miguel and Gómez Rodríguez, Faustino and Carrete Montaña, Jesús}, year={2010}}