 @misc{qucs,
       title={QUCS Project},
       version={0.0.19},
       url={http://qucs.sourceforge.net/},
       howpublished = "\url{http://qucs.sourceforge.net/}",
       author={Guilherme B. Torri and Mike Brinson and Richard Crozier and Bastien Roucaries and Frans Schreuder and Clemens Novak and Vadim Kuznetsov and Michael Margraf and Stefan Jahn and Jens Flucke and Raimund Jacob and Vincent Habchi and Toyoyuki Ishikawa and Gopala Krishna and Helene Parruitte and Gunther Kraut and Andrea Zonca},
       year={2017},
       month={Jan}} 
@misc{qucs_tech,
      title={Technical Papers: QUCS},
      url={http://qucs.sourceforge.net/tech/},
      howpublished = "\url{http://qucs.sourceforge.net/tech/}",
      author={Stefan Jahn and Michael Margraf and Vincent Habchi and Raimund Jacob},
      year={2017},
      month={Dec}}
 @misc{gplv3,
  title        = {GNU General Public License},
  version      = {3},
  shorthand    = {GPL},
  organization = {Free Software Foundation},
  url          = {http://www.gnu.org/licenses/gpl.html},
  howpublished = "\url{http://www.gnu.org/licenses/gpl.html}",
  pagination   = {section},
  language     = {english},
  date         = {2007-06-29}
  }

@book{amigo_2019, title={Análisis de incertidumbres}, publisher={Facultade de Física}, author={Amigo, Alfredo}, year={2019}}
@book{tratamiento, place={Univerisdade de Santiago de Compostela}, title={Tratamiento de datos físicos}, publisher={USC}, author={Varela Cabo, Luis Miguel and Gómez Rodríguez, Faustino and Carrete Montaña, Jesús}, year={2010}}